<record><leader>00000cas a22000007a 4500</leader><controlfield tag="001">27757283</controlfield><controlfield tag="008">930318c19uu9999iauwr ne      0   a0eng c</controlfield><datafield ind1=" " ind2=" " tag="010"><subfield code="a">sn 93002503 </subfield></datafield><datafield ind1=" " ind2=" " tag="040"><subfield code="a">NSD</subfield><subfield code="b">eng</subfield><subfield code="c">NSD</subfield><subfield code="d">CUS</subfield><subfield code="d">NLGGC</subfield><subfield code="d">OCLCQ</subfield><subfield code="d">OCLCF</subfield></datafield><datafield ind1=" " ind2=" " tag="012"><subfield code="m">y</subfield></datafield><datafield ind1=" " ind2=" " tag="019"><subfield code="a">990753723</subfield><subfield code="a">994397326</subfield></datafield><datafield ind1="1" ind2=" " tag="022"><subfield code="a">1068-6681</subfield><subfield code="l">1068-6681</subfield><subfield code="y">0746-410X</subfield><subfield code="2">1</subfield></datafield><datafield ind1="1" ind2=" " tag="029"><subfield code="a">AU@</subfield><subfield code="b">000040269717</subfield></datafield><datafield ind1="1" ind2=" " tag="029"><subfield code="a">NZ1</subfield><subfield code="b">11697684</subfield></datafield><datafield ind1=" " ind2=" " tag="032"><subfield code="a">154749</subfield><subfield code="b">USPS</subfield></datafield><datafield ind1=" " ind2=" " tag="037"><subfield code="b">Business Publications Corp., The Depot at Fourth. 100 4th St., Des Moines, IA 50309-4793</subfield></datafield><datafield ind1=" " ind2=" " tag="042"><subfield code="a">nsdp</subfield><subfield code="a">pcc</subfield></datafield><datafield ind1=" " ind2=" " tag="043"><subfield code="a">n-us-ia</subfield></datafield><datafield ind1=" " ind2="4" tag="050"><subfield code="a">HC108.D585</subfield><subfield code="b">D49</subfield></datafield><datafield ind1=" " ind2="0" tag="222"><subfield code="a">Des Moines business record</subfield></datafield><datafield ind1="0" ind2="0" tag="245"><subfield code="a">Des Moines business record.</subfield></datafield><datafield ind1=" " ind2=" " tag="260"><subfield code="a">Des Moines, IA :</subfield><subfield code="b">Business Publications Corp.</subfield></datafield><datafield ind1=" " ind2=" " tag="300"><subfield code="a">v.</subfield></datafield><datafield ind1=" " ind2=" " tag="310"><subfield code="a">Weekly</subfield></datafield><datafield ind1=" " ind2=" " tag="588"><subfield code="a">Description based on: Vol. 89, no. 8 (Feb. 22, 1993).</subfield></datafield><datafield ind1=" " ind2="0" tag="650"><subfield code="a">Business enterprises</subfield><subfield code="z">Iowa</subfield><subfield code="z">Des Moines</subfield><subfield code="v">Periodicals.</subfield></datafield><datafield ind1=" " ind2="0" tag="651"><subfield code="a">Des Moines (Iowa)</subfield><subfield code="x">Commerce</subfield><subfield code="v">Periodicals.</subfield></datafield><datafield ind1=" " ind2="7" tag="651"><subfield code="a">Verenigde Staten.</subfield><subfield code="2">gtt</subfield></datafield><datafield ind1=" " ind2="7" tag="655"><subfield code="a">Periodicals.</subfield><subfield code="2">fast</subfield><subfield code="0">(OCoLC)fst01411641</subfield></datafield><datafield ind1=" " ind2="7" tag="650"><subfield code="a">Business enterprises.</subfield><subfield code="2">fast</subfield><subfield code="0">(OCoLC)fst00842519</subfield></datafield><datafield ind1=" " ind2="7" tag="650"><subfield code="a">Commerce.</subfield><subfield code="2">fast</subfield><subfield code="0">(OCoLC)fst00869279</subfield></datafield><datafield ind1=" " ind2="7" tag="651"><subfield code="a">Iowa</subfield><subfield code="z">Des Moines.</subfield><subfield code="2">fast</subfield><subfield code="0">(OCoLC)fst01205836</subfield></datafield><datafield ind1=" " ind2=" " tag="752"><subfield code="a">United States</subfield><subfield code="b">Iowa</subfield><subfield code="c">Polk</subfield><subfield code="d">Des Moines.</subfield></datafield><datafield ind1="0" ind2="8" tag="776"><subfield code="i">Online version:</subfield><subfield code="t">Des Moines business record (Online)</subfield><subfield code="w">(OCoLC)52962572</subfield></datafield><datafield ind1="0" ind2="0" tag="780"><subfield code="t">Business record (Des Moines, Iowa)</subfield><subfield code="x">0746-410X</subfield><subfield code="w">(DLC)sn 83004728</subfield></datafield><datafield ind1="4" ind2="1" tag="856"><subfield code="u">http://search.ebscohost.com/login.aspx?direct=true&amp;db=bwh&amp;jid=BDM&amp;site=ehost-live</subfield></datafield></record>